<?xml version="1.0" encoding="UTF-8"?><record xmlns="http://www.loc.gov/MARC21/slim" xmlns:cinclude="http://apache.org/cocoon/include/1.0" xmlns:zs="http://www.loc.gov/zing/srw/">
  <leader>00428nz  a2200145n  4500</leader>
  <controlfield tag="001">no 98080173 </controlfield>
  <controlfield tag="003">DLC</controlfield>
  <controlfield tag="005">19980422051614.6</controlfield>
  <controlfield tag="008">980421n| acannaab|          |a ana     c</controlfield>
  <datafield tag="010" ind1=" " ind2=" ">
    <subfield code="a">no 98080173 </subfield>
  </datafield>
  <datafield tag="035" ind1=" " ind2=" ">
    <subfield code="a">(OCoLC)oca04710546 </subfield>
  </datafield>
  <datafield tag="040" ind1=" " ind2=" ">
    <subfield code="a">RPB-M</subfield>
    <subfield code="c">RPB-M</subfield>
  </datafield>
  <datafield tag="110" ind1="2" ind2="0">
    <subfield code="a">Amigos (Musical group : Frank Emilio)</subfield>
  </datafield>
  <datafield tag="500" ind1="1" ind2="0">
    <subfield code="a">Emilio, Frank</subfield>
  </datafield>
  <datafield tag="670" ind1=" " ind2=" ">
    <subfield code="a">ValdeĚs, M. Cuba [SR] 199-?:</subfield>
    <subfield code="b">insert (Los Amigos, directed by pianist Frank Emilio)</subfield>
  </datafield>
</record>